% This file was created with JabRef 2.7b.
% Encoding: UTF8

@BOOK{Cramer2007,
  title = {Grundlagen der Wahrscheinlichkeitsrechnung und Statistik},
  publisher = {Springer},
  year = {2007},
  author = {Cramer, Erhardt and Kamps, Udo},
  owner = {marius},
  timestamp = {2011.04.18}
}

@BOOK{Fahrmeier2010,
  title = {Statistik},
  publisher = {Springer},
  year = {2010},
  author = {Fahrmeier and KÃ¼nstler and Pigeot and Tutz},
  edition = {7. Aufl. 2nd Printing},
  owner = {marius},
  timestamp = {2011.04.07}
}

