% This file was created with JabRef 2.7b.
% Encoding: UTF8

@BOOK{Cramer2007,
  author = {{Cramer, Erhardt and Kamps, Udo}},
  title = {{Grundlagen der Wahrscheinlichkeitsrechnung und Statistik}},
  year = {2007},
  publisher = {Springer},
  timestamp = {2011.04.18},
  owner = {marius}
}

@BOOK{Fahrmeir2010,
  author = {{Fahrmeir, Ludwig [et al.]}},
  year = {2010},
  title = {{Statistik. Der Weg zur Datenanalyse}},
  publisher = {Springer},
  edition = {7th},
  timestamp = {2011.04.07},
  owner = {marius}
}

@BOOK{Fahrmeir1984,
  author = {{Fahrmeir, Ludwig and Hamerle, Alfred}},
  year = {1984},
  title = {{Multivariate Statistische Verfahren}},
  publisher = {de Gruyter},
  timestamp = {2011.05.24},
  owner = {marius}
}

@BOOK{Golub1989,
  author = {{Golub, Gene H. and van Loan, Charles F.}},
  year = {1989},
  title = {{Matrix Computations}},
  publisher = {Hopkins University Press},
  edition = {2nd},
  timestamp = {2011.05.29},
  owner = {marius}
}

@BOOK{Hampel1986,
  author = {{Hampel, Frank R. [et al.]}},
  year = {1986},
  title = {{Robust Statistics. The Approach Based on Influence Functions}},
  publisher = {Wiley},
  timestamp = {2011.04.26},
  owner = {marius}
}

@BOOK{Huber1981,
  author = {{Huber, Peter J.}},
  year = {1981},
  title = {{Robust Statistics}},
  publisher = {Wiley},
  timestamp = {2011.04.26},
  owner = {marius}
}

@ARTICLE{nag:intro,
  author = {{The Numerical Algorithms Group}},
  year = {2011},
  title = {{g02 - Correlation and Regression Analysis. Chapter Introduction}},
  url = {http://www.nag.co.uk/numeric/cl/manual/pdf/G02/g02_intro.pdf},
  note = {Besucht am 26.04.2011},
  timestamp = {2011.04.26},
  owner = {marius}
}

@ARTICLE{nag:g02brc,
  author = {{The Numerical Algorithms Group}},
  year = {2011},
  title = {{nag_ken_spe_corr_coeff (g02brc)}},
  url = {http://www.nag.co.uk/numeric/cl/manual/pdf/G02/g02brc.pdf},
  note = {Besucht am 16.06.2011},
  timestamp = {2011.06.16},
  owner = {patrick}
}

@ARTICLE{nag:g02bxc,
  author = {{The Numerical Algorithms Group}},
  year = {2011},
  title = {{nag_cov_corr (g02bxc)}},
  url = {http://www.nag.co.uk/numeric/cl/manual/pdf/G02/g02bxc.pdf},
  note = {Besucht am 16.06.2011},
  timestamp = {2011.06.16},
  owner = {patrick}
}

@ARTICLE{nag:g02cac,
  author = {{The Numerical Algorithms Group}},
  year = {2011},
  title = {{nag_simple_linear_regression (g02cac)}},
  url = {http://www.nag.co.uk/numeric/cl/manual/pdf/G02/g02cac.pdf},
  note = {Besucht am 16.06.2011},
  timestamp = {2011.06.16},
  owner = {patrick}
}

@ARTICLE{nag:g02dac,
  author = {{The Numerical Algorithms Group}},
  year = {2011},
  title = {{nag_regsn_mult_linear (g02dac)}},
  url = {http://www.nag.co.uk/numeric/cl/manual/pdf/G02/g02dac.pdf},
  note = {Besucht am 16.06.2011},
  timestamp = {2011.06.16},
  owner = {patrick}
}

@MISC{Fahrmeir2011,
  author = {{Fahrmeir, Ludwig [et al.]}},
  year = {2011},
  title = {{Datenarchiv des Instituts f체r Statistik der Universit채t M체nchen und des SFB 386. M체nchener Mietspiegel 2003}},
  howpublished = {Website},
  url = {http://www.statistik.lmu.de/service/datenarchiv/miete/miete03.html},
  note = {Besucht am 22.05.2011},
  timestamp = {2011.05.30},
  owner = {marius}
}

@MISC{NAG2011,
  author = {{The Numerical Algorithms Group}},
  year = {2011},
  title = {{The NAG C Library}},
  howpublished = {Website},
  url = {http://www.nag.co.uk/numeric/CL/CLdescription.asp},
  note = {Besucht am 25.04.2011},
  timestamp = {2011.04.25},
  owner = {marius}
}

@MISC{wikipedia:nag,
  author = {{Wikipedia}},
  year = {2011},
  title = {{NAG Numerical Libraries}},
  howpublished = {Website},
  url = {http://en.wikipedia.org/wiki/NAG_Numerical_Libraries},
  note = {Besucht am 25.04.2011},
  timestamp = {2011.04.25},
  owner = {marius}
}